<?xml version="1.0" encoding="UTF-8"?><collection xmlns="http://www.loc.gov/MARC21/slim"><record><leader>00635nam--2200193-i-4500</leader><controlfield tag="001">000008518</controlfield><controlfield tag="002">20161230</controlfield><controlfield tag="005">20161230201027</controlfield><controlfield tag="008">060222s1000------------r-----000-0-fre-d</controlfield><datafield ind1=" " ind2=" " tag="040"><subfield code="a">IFIN-HH</subfield></datafield><datafield ind1=" " ind2=" " tag="041"><subfield code="a">fre</subfield></datafield><datafield ind1=" " ind2=" " tag="080"><subfield code="a">539.12.164</subfield></datafield><datafield ind1="1" ind2=" " tag="100"><subfield code="a">Beets, C</subfield></datafield><datafield ind1="1" ind2="0" tag="245"><subfield code="a">Analyse des populations neutroniques rapides par observation des protons projetes dans l'emulsion ionographique</subfield><subfield code="c">C. beets</subfield></datafield><datafield ind1=" " ind2=" " tag="260"><subfield code="a">Liege</subfield><subfield code="b">Societe Royale Des Sciences</subfield><subfield code="c">1966</subfield></datafield><datafield ind1=" " ind2=" " tag="300"><subfield code="a">146 P</subfield></datafield><datafield ind1=" " ind2=" " tag="490"><subfield code="a">Memoires De La Societe Roayale Des Sciences De Liege, Cinquieme Serie Tome Xiii - Fasc.3</subfield></datafield><datafield ind1=" " ind2=" " tag="852"><subfield code="a">28581</subfield><subfield code="c">539.12</subfield></datafield><datafield ind1=" " ind2=" " tag="CAT"><subfield code="a">Sys</subfield><subfield code="c">20111116</subfield><subfield code="h">091400</subfield></datafield></record></collection>